@article{walledGarden,
  author = {Sen, Rijurekha and Ahmad, Sohaib and Phokeer, Amreesh and Farooq, Zaid Ahmed and Qazi, Ihsan Ayyub and Choffnes, David and Gummadi, Krishna P.},
  title = {Inside the Walled Garden: Deconstructing Facebook's Free Basics Program},
  journal = {SIGCOMM Comput. Commun. Rev.},
  issue_date = {October 2017},
  volume = {47},
  number = {5},
  month = oct,
  year = {2017},
  issn = {0146-4833},
  pages = {12--24},
  numpages = {13},
  url = {http://doi.acm.org/10.1145/3155055.3155058},
  doi = {10.1145/3155055.3155058},
  acmid = {3155058},
  publisher = {ACM},
  address = {New York, NY, USA},
  keywords = {Network measurement, Proxy services, User characterization},
}
@article{everydayLife,
  author   = {Shriram Venkatraman, Nimmi Rangaswamy},
  title    = {Everyday Life in Tamil Nadu, India and Its Cost to "Free Basics"},
  journal  = {Ethnographic Praxis in Industry Conference Proceedings},
  volume = {2016},
  number = {1},
  date     = {2016-11-29},
  publisher = {American Anthropological Association},
  url = {https://anthrosource.onlinelibrary.wiley.com/doi/10.1111/1559-8918.2016.01089},
}
@article{empowermentThroughFacebook,
  author   = {Neha Kumar},
  title    = {Facebook for self-empowerment? A study of Facebook adoption in urban India},
  journal  = {new media & society},
  doi = {10.1177/1461444814543999},
  volume = {16},
  number = {7},
  date     = {2014-7-25},
  publisher = {Department of Cumputer Science & Engineering, University of Washington},
  url = {https://journals.sagepub.com/doi/10.1177/1461444814543999},
  address = {Seattle, WA 98195, USA},
}
@article{netNeutralityWin,
  author   = {Revati Prasad},
  title    = {Ascendant India, digital India: how net neutrality advocates defeated Facebook’s Free Basics},
  journal  = {SAGE journals},
  doi = {10.1177/0163443717736117},
  volume = {40},
  number = {3},
  date     = {2017-10-19},
  publisher = {University of Pennsylvania},
  journal = {Media, Culture & Society},
  url = {https://journals.sagepub.com/doi/10.1177/0163443717736117},
  address = {3620 Walnnut Street, Philadelphia, PA 19104-6243, USA},
}
@article{impactOnSociety,
  author   = {Kapil Chugh, Kanika Verma},
  title    = {Impact of Facebook on People and Society},
  journal  = {Indian Journal of Science and Technology},
  doi = {10.17485/ijst/2016/v9i45/106358},
  volume = {9},
  number = {45},
  date     = {2016-12},
  publisher = {Department of COmputer Science, D.A.V. College},
  url = {https://journals.sagepub.com/doi/10.1177/0163443717736117},
  address = {Sector 10, Chandigarh - 160011, Punjab, India},
}
@article{prasad2017,
  author = {Revati Prasad},
  date = {2017},
  title = {Ascendant India, digital India: how net neutrality advocates defeated Facebook’s Free Basics},
  url = {https://doi.org/10.1177/0163443717736117},
  journal = {Media, Culture & Society},
  volume = {40},
  issue = {3},
} 
@article{statistaInternetUsers,
  author = {Sanika Diwanji},
  date = {2019},
  title = {Number of mobile phone internet users in India from 2015-2023}
  url = {https://www.statista.com/statistics/558610/number-of-mobile-internet-user-in-india/},
  publisher = {Statista Digital Market Outlook},
}
@article{TRAInetneutral,
  author = {Mahanagar Doorsanchar Bhawan, Jawahar Lal Nehru Marg},
  date = {27.3.2015},
  title = {Regulatory Framework for Over-the-top (OTT) services},
  publisher = {Telecom Regulatory Authority of India},
  url = {https://main.trai.gov.in/sites/default/files/OTT-CP-27032015.pdf},
}
@article{slideshareIndia,
  author = {Simon Kemp},
  date = {26.08.2015},
  title = {Digital, Social & Mobile in India in 2015},
  publisher = {We Are Social Singapore},
  url = {https://de.slideshare.net/wearesocialsg/digital-social-mobile-in-india-in-2015},
}
@article{broadbandAgency,
  title = {Mobile Broadband Data Costs},
  date = {September 2018},
  url = {https://a4ai.org/mobile-broadband-pricing-data/},
  publisher = {Alliance For Affordable Internet},
}
@article{IndiaBevölkerung,
  title = {Census of India 2011: Primary Census Abstract – India},
  date = {2011}
  url = {http://www.censusindia.gov.in/2011census/hlo/pca/PCA_Data/PCA0000_2011.xls},
}

  
  
  

